@article{Adebiyi2017,
    title = {{Assessment of feedback modalities for wearable visual aids in blind mobility}},
    year = {2017},
    journal = {PLOS ONE},
    author = {Adebiyi, Aminat and Sorrentino, Paige and Bohlool, Shadi and Zhang, Carey and Arditti, Mort and Goodrich, Gregory and Weiland, James D},
    pages = {1--17},
    volume = {12},
    doi = {10.1371/journal.pone.0170531},
    address = {Ottawa, CANADA},
    editor = {Jeffrey Jutai}
}

@article{Ampatzoglou2010,
    title = {{Software engineering research for computer games: A systematic review}},
    year = {2010},
    journal = {Information and Software Technology},
    author = {Ampatzoglou, Apostolos and Stamelos, Ioannis},
    number = {9},
    pages = {888--901},
    volume = {52},
    publisher = {Elsevier B.V.},
    isbn = {0950-5849},
    doi = {10.1016/j.infsof.2010.05.004},
    issn = {09505849},
    keywords = {Computer games, Software engineering, Systematic review},
    address = {Alberta, Canada},
    editor = {Günther Ruhe}
}

@inproceedings{Balan2014,
    title = {{Navigational 3D audio-based game-training towards rich auditory spatial representation of the environment}},
    year = {2014},
    booktitle = {18th International Conference on System Theory, Control and Computing, ICSTCC},
    author = {Balan, Oana and Moldoveanu, Alin and Moldoveanu, Florica and Dascalu, Maria Iuliana},
    pages = {682--687},
    publisher = {IEEE},
    address = {Sinaia, Romania},
    isbn = {9781479946013},
    doi = {10.1109/ICSTCC.2014.6982496},
    keywords = {3D binaural sound, HRTF, Sensory Substitution Device, Virtual Auditory Display, audio game, neuroplasticity}
}

@article{Bamac2004,
    title = {{Physical fitness levels of blind and visually impaired goalball team players}},
    year = {2004},
    journal = {Isokinetics and Exercise Science},
    author = {Bamac, Belgin and Aydin, Mensure and Ozbek, Aydin},
    number = {October},
    pages = {247--252},
    volume = {12},
    isbn = {0959-3020},
    issn = {0959-3020},
    keywords = {goalball, physical fitness}
}

@misc{BRASIL1999DECRETO1999,
    title = {{DECRETO N{\textordmasculine} 3.298, DE 20 DE DEZEMBRO DE 1999}},
    year = {1999},
    author = {BRASIL},
    url = {http://www.planalto.gov.br/ccivil_03/decreto/d3298.htm},
    urlaccessdate = {20 dez. 2018},
}

@incollection{Buaud2002,
    title = {{Multimedia Games for Visually Impaired Children}},
    year = {2002},
    author = {Buaud, Aurélie and Svensson, Harry and Archambault, Dominique and Burger, Dominique},
    pages = {173--180},
    publisher = {Springer, Berlin, Heidelberg},
    doi = {10.1007/3-540-45491-8{\_}38},
    booktitle = {ICCHP 2002: Computers Helping People with Special Needs},
    address = {Berlin, Heidelberg}
}

@article{Buchs2017,
    title = {{Waist-up protection for blind individuals using the EyeCane as a primary and secondary mobility aid}},
    year = {2017},
    journal = {Restorative Neurology and Neuroscience},
    author = {Buchs, Galit and Simon, Noa and Maidenbaum, Shachar and Amedi, Amir},
    pages = {225--235},
    volume = {35},
    doi = {10.3233/RNN-160686},
    keywords = {active sensing, assistive technology, blind, mobility, mobility aid, multisensory}
}

@article{Burnham2006,
    title = {{Scopus database: a review}},
    year = {2006},
    journal = {Biomedical Digital Libraries},
    author = {Burnham, Judy F},
    number = {1},
    pages = {1},
    volume = {3},
    isbn = {1742-5581},
    doi = {10.1186/1742-5581-3-1},
    issn = {1742-5581},
    pmid = {16522216}
}

@incollection{Cao2010,
    title = {{Cognitive-Aware Modality Allocation in Intelligent Multimodal Information Presentation}},
    year = {2010},
    author = {Cao, Yujia and Theune, Mariët and Nijholt, Anton},
    pages = {61--83},
    publisher = {Springer},
    address = {London},
    doi = {10.1007/978-1-84996-507-1{\_}3},
    booktitle = {Multimedia Interaction and Intelligent User Interfaces: Principles, Methods and Applications}
}

@misc{CasaCivil1990EstatutoAdolescente,
    title = {{Estatuto da Crian{\c{c}}a e do Adolescente}},
    year = {1990},
    author = {{Casa Civil}},
    url = {http://www.planalto.gov.br/ccivil_03/LEIS/L8069.htm},
    urlaccessdate = {20 dez. 2018},
}


@misc{CasaCivil2003EstatutoIdoso,
    title = {{Estatuto do Idoso}},
    year = {2003},
    author = {{Casa Civil}},
    url = {http://www.planalto.gov.br/ccivil_03/leis/2003/L10.741compilado.htm},
    urlaccessdate = {20 dez. 2018},
}

@article{201449,
    title = {{Virtual environments for the transfer of navigation skills in the blind: a comparison of directed instruction vs. video game based learning approaches}},
    year = {2014},
    journal = {Frontiers in Human Neuroscience},
    author = {Connors, E and Chrastil, E and S{\'{a}}nchez, J and Merabet, L},
    volume = {8},
    address = {The Laboratory for Visual Neuroplasticity, Department of Ophthalmology, Massachusetts Eye and Ear Infirmary, Harvard Medical SchoolBoston, MA, USA Department of Psychology, Center for Memory and Brain, Boston UniversityBoston, MA, USA Department of Comput},
    keywords = {early blind, games for learning, late blind, navigation, near transfer of learning, spatial cognition, videogames, virtual environment}
}

@article{Connors2014,
    title = {{Action video game play and transfer of navigation and spatial cognition skills in adolescents who are blind}},
    year = {2014},
    journal = {Frontiers in Human Neuroscience},
    author = {Connors, Erin C. and Chrastil, Elizabeth R. and S{\'{a}}nchez, Jaime and Merabet, Lotfi B.},
    month = {3},
    pages = {133},
    volume = {8},
    publisher = {Frontiers},
    doi = {10.3389/fnhum.2014.00133},
    issn = {1662-5161},
    keywords = {Adolescent, early blind, gaming for learning, navigation, serious videogames, spatial cognition, virtual environment.}
}

@article{Connors2013,
    title = {{Development of an Audio-based Virtual Gaming Environment to Assist with Navigation Skills in the Blind}},
    year = {2013},
    journal = {Journal of Visualized Experiments},
    author = {Connors, Erin C. and Yazzolino, Lindsay A. and S{\'{a}}nchez, Jaime and Merabet, Lotfi B.},
    number = {March},
    pages = {1--7},
    isbn = {1940087X (ISSN)},
    doi = {10.3791/50272},
    issn = {1940-087X},
    pmid = {23568182},
    keywords = {Anatomy, Audio-based Environment Simulator, Behavior, Behavior and Behavior Mechanisms, Industry, Issue 73, Medicine, Neurobiology, Neuroscience, Ophthalmology, Physiology, Psychology, Technology, action video games, anatomy, audio, audio-based environment simulator, behavior, behavior and behavior, blind, clinical techniques, cognitive psychology, date published, indoor navigation, industry, issue 73, mechanisms, medicine, neurobiology, neuroscience, ophthalmology, physiology, psychology, rehabilitation, spatial cognitive map, technology, virtual environments, virtual reality}
}

@incollection{Cook2008,
    title = {{Using the Web and ICT to Enable Persons with Disabilities}},
    year = {2009},
    author = {Cook, Albert M.},
    pages = {3--18},
    doi = {10.1007/978-3-540-92219-3{\_}1},
    publisher = {Fred, Ana and Filipe, Joaquim and Gamboa, Hugo},
    booktitle = {Biomedical Engineering Systems and Technologies},
    address = {Berlin, Heidelberg}
}

@article{TheWorldBank2016,
    title = {{Disability Overview}},
    year = {2016},
    author = {{The World Bank}},
    url = {http://www.worldbank.org/en/topic/disability/overview},
    urlaccessdate = {20 dez. 2018},
}


@article{Dalton2015AssistiveNeeds,
    title = {{Assistive Technology Standards and Evidence-Based Practice: Early Practice and Current Needs}},
    year = {2015},
    journal = {Advances in Special Education Technology},
    author = {Dalton, Elizabeth M.},
    month = {6},
    pages = {163--201},
    volume = {1},
    doi = {10.1108/S2056-769320150000001007}
}

@inproceedings{Darin2015,
    title = {{Dimensions to Analyze the Design of Multimodal Videogames for the Cognition of People Who Are Blind}},
    year = {2015},
    booktitle = {XIV Simp{\'{o}}sio Brasileiro sobre Fatores Humanos em Sistemas Computacionais},
    author = {Darin, Ticianne and Andrade, Rossana and S{\'{a}}nchez, Jaime},
    number = {January},
    doi = {10.13140/RG.2.1.1749.9287},
    address = {Salvador, Brazil},
    publisher = {\textit{[s.n.]}}
}

@inproceedings{Darin2017,
    title = {{Investigating the Mode in Multimodal Video Games: Usability Issues for Learners who are Blind}},
    year = {2017},
    booktitle = {CHI 2017},
    author = {Darin, Ticianne G R and Andrade, Rossana M. C. and Merabet, Lotfi B. and S{\'{a}}nchez, Jaime Hernán},
    pages = {2487--2495},
    address = {Denver, CO, USA},
    isbn = {9781450346566},
    publisher = {ACM Digital Library}
}

@phdthesis{DARIN2018,
    title = {{Usability Scaffolding for Evaluating Mutimodal Video Games for Learners who are Blind}},
    year = {2018},
    author = {DARIN, Ticianne G. R. DE GOIS RIBEIRO},
    pages = {1--256},
    school = {Universidade Federal do Cear{\'{a}}}
}

@article{Dumas2009,
    title = {{Multimodal Interfaces: A Survey of Principles , Models and Frameworks}},
    year = {2009},
    journal = {Lecture Notes in Computer Science},
    author = {Dumas, Bruno and Lalanne, Denis and Oviatt, Sharon},
    pages = {1--25},
    volume = {5440},
    publisher = {Springer, Berlin, Heidelberg},
    doi = {10.1007/978-3-642-00437-7{\_}1}
}

@article{Espinoza2014,
    title = {{Videogaming interaction for mental model construction in learners who are blind}},
    year = {2014},
    journal = {Lecture Notes in Computer Science (including subseries Lecture Notes in Artificial Intelligence and Lecture Notes in Bioinformatics)},
    author = {Espinoza, Matías and S{\'{a}}nchez, Jaime and de Borba Campos, Márcia},
    number = {PART 2},
    pages = {525--536},
    volume = {8514 LNCS},
    publisher = {Springer Verlag},
    isbn = {9783319074399},
    doi = {10.1007/978-3-319-07440-5{\_}48},
    issn = {16113349},
    keywords = {Audio and haptic based interfaces, Mental model, People who are blind, Reference system, Videogame, Wiimote}
}

@phdthesis{FACANHA2018,
    title = {{OM VIRTUAL ENVIRONMENTS FOR END-USERS WHO ARE BLIND: A SYSTEMATIC REVIEW}},
    year = {2018},
    author = {FA{\c{C}}ANHA, AGEBSON ROCHA},
    school = {Universidade Federal do Cear{\'{a}}}
}

@article{Falkenstein2008,
    title = {{Comparison of Visual Acuity in Macular Degeneration Patients Measured with Snellen and Early Treatment Diabetic Retinopathy Study Charts}},
    year = {2008},
    journal = {Ophthalmology},
    author = {Falkenstein, Iryna A. and Cochran, Denine E. and Azen, Stanley P. and Dustin, Laurie and Tammewar, Ajay M. and Kozak, Igor and Freeman, William R.},
    number = {2},
    pages = {319--323},
    volume = {115},
    isbn = {1549-4713 (Electronic){\textbackslash}r0161-6420 (Linking)},
    doi = {10.1016/j.ophtha.2007.05.028},
    issn = {01616420},
    pmid = {17706288}
}

@article{AlicynFerrell2006,
    title = {{Evidence-Based Practices for Students With Visual Disabilities}},
    year = {2006},
    journal = {Communication Disorders Quarterly},
    author = {Alicyn Ferrell, K. a.},
    number = {1},
    pages = {42--48},
    volume = {28},
    doi = {10.1177/15257401060280010701},
    issn = {1525-7401}
}

@book{Freeman2004HeadPatterns,
    title = {{Head First design patterns}},
    year = {2004},
    author = {Freeman, Eric and Robson, Elisabeth. and Sierra, Kathy. and Bates, Bert.},
    pages = {638},
    publisher = {O'Reilly},
    isbn = {9780596007126},
    address = {California, USA}
    
}

@book{Glaser1967,
    title = {{The Discovery of Grounded Theory: Strategies for Qualitative Research}},
    year = {1967},
    booktitle = {Observations},
    author = {Glaser, Barney G and Strauss, Anselm L},
    number = {4},
    pages = {271},
    volume = {1},
    isbn = {0202302601},
    doi = {10.2307/2575405},
    issn = {00377732},
    pmid = {1225708},
    arxivId = {arXiv:gr-qc/9809069v1},
    archivePrefix = {arXiv},
    eprint = {9809069v1},
    primaryClass = {gr-qc},
    publisher = {Aldine},
    address = {Chicago, USA}
}

@book{Glatzeder2010,
    title = {{Towards a Theory for a Conceptual Framework}},
    year = {2010},
    author = {Glatzeder, Britt M},
    isbn = {9783642031281},
    publisher = {Springer-Verlag Berlin Heidelberg},
    address = {Heidelberg, Alemanha}
}

@article{Goria2016,
    title = {{Devices for visually impaired people: High technological devices with low user acceptance and no adaptability for children}},
    year = {2016},
    journal = {Neuroscience {\&} Biobehavioral Reviews},
    author = {Goria, Monica and Cappaglia, Giulia and Tonellia, Alessia and Baud-Bovyb, Gabriel and Finocchietti, Sara},
    month = {10},
    pages = {79--88},
    volume = {69},
    publisher = {Pergamon},
    doi = {10.1016/J.NEUBIOREV.2016.06.043},
    issn = {0149-7634}
}

@incollection{Grammenos2006,
    title = {{Access Invaders: Developing a Universally Accessible Action Game}},
    year = {2006},
    author = {Grammenos, Dimitris and Savidis, Anthony and Georgalis, Yannis and Stephanidis, Constantine},
    pages = {388--395},
    publisher = {Springer},
    doi = {10.1007/11788713{\_}58},
    address = {Berlin, Germany}
}

@inproceedings{Guerreiro2017,
    title = {{Virtual Navigation for Blind People: Building Sequential Representations of the Real-World}},
    year = {2017},
    booktitle = {Proceedings of the 19th International ACM SIGACCESS Conference on Computers and Accessibility},
    author = {Guerreiro, João and Ahmetovic, Dragan and Kitani, Kris M and Asakawa, Chieko},
    pages = {280--289},
    publisher = {ACM Press},
    address = {Baltimore, Maryland, USA},
    isbn = {9781450349260},
    doi = {10.1145/3132525.3132545},
}

@inproceedings{Guerreiro2009,
    title = {{NavTap: a Long Term Study with Excluded Blind Users}},
    year = {2009},
    booktitle = {Proceedings of the 11th international ACM SIGACCESS conference on Computers and accessibility},
    author = {Guerreiro, Tiago and Nicolau, Hugo},
    pages = {99--106},
    publisher = {ACM Press},
    address = {New York, NY},
    isbn = {9781605585581}
}

@inproceedings{Guerreiro2011,
    title = {{Blind People and Mobile Keypads: Accounting for Individual Differences}},
    year = {2011},
    booktitle = {IFIP Conference on Human-Computer Interaction},
    author = {Guerreiro, Tiago and Oliveira, João and Benedito, João and Nicolau, Hugo and Jorge, Joaquim and Gon{\c{c}}alves, Daniel},
    pages = {65--82},
    publisher = {Springer},
    address = {Berlin, Heidelberg},
    doi = {10.1007/978-3-642-23774-4{\_}8},
    keywords = {Blind, Device, Individual Differences, Mobile, Mobile Accessibility, User Assessments.}
}

@article{Hart2006Nasa-TaskLater,
    title = {{Nasa-Task Load Index (NASA-TLX); 20 Years Later}},
    year = {2006},
    journal = {Proceedings of the Human Factors and Ergonomics Society Annual Meeting},
    author = {Hart, Sandra G.},
    number = {9},
    month = {10},
    pages = {904--908},
    volume = {50},
    publisher = {SAGE PublicationsSage CA: Los Angeles, CA},
    doi = {10.1177/154193120605000909},
    issn = {1541-9312}
}

@article{Harzing2016,
    title = {{Google Scholar, Scopus and the Web of Science: a longitudinal and cross-disciplinary comparison}},
    year = {2016},
    journal = {Scientometrics},
    author = {Harzing, Anne-Wil and Alakangas, Satu},
    number = {2},
    month = {2},
    pages = {787--804},
    volume = {106},
    publisher = {Springer Netherlands},
    doi = {10.1007/s11192-015-1798-9},
    issn = {0138-9130}
}

@article{Hauptmann1993,
    title = {{Gestures with speech for graphic manipulation}},
    year = {1993},
    journal = {International Journal of Man-Machine Studies},
    author = {Hauptmann, Alexander G. and McAvinney, Paul},
    number = {2},
    month = {2},
    pages = {231--249},
    volume = {38},
    publisher = {Academic Press},
    doi = {10.1006/IMMS.1993.1011},
    issn = {0020-7373}
}

@book{Hinebaugh2009,
    title = {{A board game education}},
    year = {2009},
    author = {Hinebaugh, Jeffrey P.},
    pages = {221},
    publisher = {Rowman {\&} Littlefield Education},
    isbn = {1607092611},
    address = {Lanham, Maryland, USA}
}

@inproceedings{Hossain2011,
    title = {{Cognitive load and usability analysis of R-MAP for the people who are blind or visual impaired}},
    year = {2011},
    booktitle = {Proceedings of the 29th ACM international conference on Design of communication},
    author = {Hossain, Gahangir and Shaik, Akbar S. and Yeasin, Mohammed},
    pages = {137--143},
    publisher = {ACM Press},
    address = {New York, NY},
    isbn = {9781450309363},
    doi = {10.1145/2038476.2038503}
}

@inproceedings{Jain2014,
    title = {{Path-guided indoor navigation for the visually impaired using minimal building retrofitting}},
    year = {2014},
    booktitle = {Proceedings of the 16th international ACM SIGACCESS conference on Computers {\&} accessibility - ASSETS '14},
    author = {Jain, Dhruv},
    pages = {225--232},
    publisher = {ACM Press},
    address = {Rochester, New York, USA},
    isbn = {9781450327206},
    doi = {10.1145/2661334.2661359},
    keywords = {1, 2a, 2b, 3, 4, 5, 6, and, belt fix, charging port, figure 1, indoor navigation, ir receiver, ir transmitter and, operation, push button switch for, switch, system prototypes, tactile, visual impairment, wall}
}

@article{Jain2011,
    title = {{Teaching the blind to find their way by playing video games}},
    year = {2011},
    journal = {PLoS ONE},
    author = {Jain, Mukesh},
    number = {11},
    pages = {1435--1439},
    volume = {101},
    isbn = {0011-3891},
    doi = {10.1371/Citation},
    issn = {00113891},
    pmid = {1000090690},
    arxivId = {1203.2655},
    keywords = {Expressed sequence tags, Next-generation sequencing technologies, Non-model species, Transcriptome}
}

@article{Jedlitschka2007,
    title = {{Reporting Experiments in Software Engineering}},
    year = {2007},
    author = {Jedlitschka, Andreas and Ciolkowski, Marcus and Pfahl, Dietmar},
    number = {1},
    pages = {1--20},
    publisher = {Springer}
}

@article{InacioJunior2007,
    title = {{Um Framework para Desenvolvimento de Interfaces Multimodais em Aplica{\c{c}}ões de Computa{\c{c}}{\~{a}}o Ub{\'{i}}qua}},
    year = {2007},
    author = {Inacio Junior, Valter dos Reis},
    month = {4},
    publisher = {Biblioteca Digital de Teses e Disserta{\c{c}}ões da Universidade de S{\~{a}}o Paulo},
    institution = {Universidade de S{\~{a}}o Paulo},
    address = {S{\~{a}}o Carlos},
    doi = {10.11606/D.55.2007.tde-11122007-105843},
    keywords = {Computa{\c{c}}{\~{a}}o ub{\'{i}}qua, Framework, Handwriting recognition, Interfaces multimodais, Multimodal interfaces, Reconhecimento de escrita, Reconhecimento de voz, Speech recognition, Ubiquitous computing}
}

@article{20105,
    title = {{Assessment of Indoor Route-finding Technology for People with Visual Impairment}},
    year = {2010},
    journal = {Journal of visual impairment {\&} blindness},
    author = {Kalia, A and Legge, G and Roy, R and Ogale, A},
    number = {3},
    pages = {135--147},
    volume = {104}
}

@article{Kappel2006DevelopingMenus,
    title = {{Developing User Interface Guidelines for DVD Menus}},
    year = {2006},
    journal = {CHI '06 Extended Abstracts on Human Factors in Computing Systems},
    author = {Kappel, Karin and Tomitsch, Martin and K{\"{o}}ltringer, Thomas and Grechenig, Thomas},
    pages = {177--182},
    isbn = {1-59593-298-4},
    doi = {10.1145/1125451.1125490},
    keywords = {DVD menu, design, usability, user interface guidelines}
}

@article{Karpicke2009,
    title = {{Metacognitive Control and Strategy Selection: Deciding to Practice Retrieval During Learning}},
    year = {2009},
    journal = {Journal of Experimental Psychology: General},
    author = {Karpicke, Jeffrey D.},
    number = {4},
    pages = {469--486},
    volume = {138},
    isbn = {1939-2222{\textbackslash}r0096-3445},
    doi = {10.1037/a0017341},
    issn = {00963445},
    pmid = {19883131},
    keywords = {learning strategies, metacognition, retrieval practice, self-regulated learning, study-time allocation}
}

@incollection{Keates2015,
    title = {{Defining Acceptable Interaction for Universal Access}},
    year = {2015},
    author = {Keates, Simeon},
    pages = {54--63},
    publisher = {Springer},
    doi = {10.1007/978-3-319-20678-3{\_}6},
    address = {Cham, Switzerland}
}

@article{Kitchenham2007,
    title = {{Guidelines for performing Systematic Literature reviews in Software Engineering}},
    year = {2007},
    journal = {Engineering},
    author = {Kitchenham, Barbara and Charters, Stuart},
    number = {4ve},
    pages = {1051},
    volume = {45},
    isbn = {1595933751},
    doi = {10.1145/1134285.1134500},
    issn = {00010782},
    pmid = {10853839},
    arxivId = {1304.1186}
}

@article{Kitchenham2004a,
    title = {{Evidence-based Software Engineering}},
    year = {2004},
    author = {Kitchenham, Barbara A and Dyb{\aa}, Tore and J{\o}rgensen, Magne}
}

@article{Kitchenham2002PreliminaryEngineering,
    title = {{Preliminary guidelines for empirical research in software engineering}},
    year = {2002},
    journal = {IEEE Transactions on Software Engineering},
    author = {Kitchenham, B.A. Barbara a. and Pfleeger, S.L. Shari L. and Pickard, L.M. Lesley M. and Jones, Peter W. P.W. and Hoaglin, David C. D.C. and El Emam, Khaled and Rosenberg, Jarrett},
    number = {8},
    pages = {721--734},
    volume = {28},
    isbn = {0098-5589},
    doi = {10.1109/TSE.2002.1027796},
    issn = {0098-5589},
    keywords = {Computer Society, Computer science, Data analysis, Guidelines, Laboratories, Software engineering, Software performance, Software standards, Statistics, Surgery, empirical software research, research guidelines, software researchers, statistical mistakes}
}

@article{Lahav2004,
    title = {{Exploration of unknown spaces by people who are blind, using a multisensory virtual environment (MVE)}},
    year = {2004},
    journal = {Journal of Special Education Technology},
    author = {Lahav, Orly and Mioduser, David},
    number = {3},
    pages = {15--23},
    volume = {19},
    isbn = {0162-6434},
    issn = {01626434},
    pmid = {507920862}
}

@article{Lahav2008Construction,
    title = {{Construction of cognitive maps of unknown spaces using a multi-sensory virtual environment for people who are blind}},
    year = {2008},
    journal = {Computers in Human Behavior},
    author = {Lahav, Orly and Mioduser, David},
    number = {3},
    pages = {1139--1155},
    volume = {24},
    isbn = {0747-5632},
    doi = {10.1016/j.chb.2007.04.003},
    issn = {07475632},
    pmid = {25246403},
    arxivId = {arXiv:1011.1669v3}
}

@article{Lahav2008b,
    title = {{Haptic-feedback support for cognitive mapping of unknown spaces by people who are blind}},
    year = {2008},
    journal = {International Journal of Human Computer Studies},
    author = {Lahav, O. and Mioduser, D.},
    number = {1},
    pages = {23--35},
    volume = {66},
    isbn = {1071-5819},
    doi = {10.1016/j.ijhcs.2007.08.001},
    issn = {10715819},
    pmid = {25246403},
    arxivId = {arXiv:1011.1669v3},
    keywords = {Blind, Cognitive mapping, Haptic, Orientation rehabilitation, Virtual reality}
}

@article{Lahav2005,
    title = {{Blind Persons’ Acquisition of Spatial Cognitive Mapping and Orientation Skills Supported by Virtual Environment}},
    year = {2005},
    journal = {International Journal on Disability and Human Development},
    author = {Lahav, Orly and Mioduser, David and Lahav, Orly},
    number = {3},
    pages = {231--238},
    volume = {4},
    isbn = {1565012X (ISSN)},
    doi = {10.1515/IJDHD.2005.4.3.231},
    issn = {21910367},
    pmid = {795370262525136085},
    keywords = {cognition, haptic devices, mobility, rehabilitation, virtual environments, virtual simulation, visual impairment}
}

@article{201219,
    title = {{A Virtual Environment for People Who Are Blind - A Usability Study}},
    year = {2012},
    journal = {Journal of assistive technologies},
    author = {Lahav, O and Schloerb, D and Kumar, S and Srinivasan, M},
    number = {1},
    volume = {6},
    address = {Laboratory for Human and Machine Haptics (The Touch Lab), Research Laboratory of Electronics, Massachusetts Institute of Technology, Cambridge, MA, USA Laboratory for Human and Machine Haptics (The Touch Lab), Research Laboratory of Electronics, Massachus},
    doi = {10.1108/17549451211214346},
    keywords = {Blind, Cognitive-map, Haptic interaction, Virtual environment}
}

@article{Lahav2012,
    title = {{Newly blind persons using virtual environment system in a traditional orientation and mobility rehabilitation program: A case study}},
    year = {2012},
    journal = {Disability and Rehabilitation: Assistive Technology},
    author = {Lahav, Orly and Schloerb, David W. and Srinivasan, Mandayam A.},
    number = {5},
    pages = {420--435},
    volume = {7},
    isbn = {9723640775},
    doi = {10.3109/17483107.2011.635327},
    issn = {17483107},
    pmid = {22112148},
    keywords = {Cognitive map, Haptic devices, Multisensorial environment, Simulation}
}

@article{Lee2014a,
    title = {{Use of Reference Frame and Movement Pattern in Haptically Enhanced 3D Virtual Environment}},
    year = {2014},
    journal = {International Journal of Human-Computer Interaction},
    author = {Lee, Ja Young and Bahn, Sangwoo and Nam, Chang S.},
    number = {11},
    pages = {891--903},
    volume = {30},
    doi = {10.1080/10447318.2014.941275},
    issn = {15327590}
}

@article{Lee2014,
    title = {{Reducing Confusion about Grounded Theory and Qualitative Content Analysis: Similarities and differences}},
    year = {2014},
    journal = {Tue qualitative report},
    author = {Lee, Ji Young Cho; Eun-Hee},
    number = {32},
    pages = {1--20},
    volume = {19}
}

@book{Lindsay1977,
    title = {{Human information processing: an introduction to psychology}},
    year = {1977},
    author = {Lindsay, Peter H. and Norman, Donald A.},
    pages = {777},
    publisher = {Academic Press},
    isbn = {9781483258232},
    address = {Massachusetts, USA}
}

@article{Lumbreras1998,
    title = {{3D aural interactive hyperstories for blind children}},
    year = {1998},
    journal = {Virtual Reality},
    author = {Lumbreras, Mauricio and S{\'{a}}nchez, Jaime},
    pages = {119--128}
}

@inproceedings{Maike2016,
    title = {{A Smart Supermarket must be for All: a Case Study Including the Visually Impaired}},
    year = {2016},
    booktitle = {Proceedings of the 15th Brazilian Symposium on Human Factors in Computer Systems - IHC '16},
    author = {Maike, Vanessa R. M. L. and Buchdid, Samuel B. and Baranauskas, M. Cecília C.},
    pages = {1--10},
    publisher = {ACM Press},
    address = {New York, USA},
    isbn = {9781450352352},
    doi = {10.1145/3033701.3033707},
    keywords = {Human-Computer Interaction, Internet of Things, IoT, Mobile, Natural User Interfaces, Ubiquitous Computing, Web of Things, WoT}
}

@article{2012137,
    title = {{(Computer) Vision without Sight}},
    year = {2012},
    journal = {Communications of the ACM},
    author = {Manduchi, R and Coughlan, J},
    number = {1},
    pages = {96--104},
    volume = {55},
    address = {Department of Computer Engineering, University of California, Santa Cruz, Santa Cruz, CA 95064 The Smith-Kettlewell Eye Research Institute, 2318 Fillmore Street, San Francisco, CA 94115}
}

@article{Manduchi2011,
    title = {{Mobility-related accidents experienced by people with visual impairment}},
    year = {2011},
    journal = {Insight: Research and Practice in Visual Impairment and Blindness},
    author = {Manduchi, Roberto and Kurniawan, Sri},
    number = {2},
    pages = {44--54},
    volume = {4},
    isbn = {2157037X},
    issn = {2157037X},
    keywords = {Assistive technology injuries, Orientation and mobility}
}

@incollection{Merabet2016,
    title = {{Development of an Audio-Haptic Virtual Interface for Navigation of Large-Scale Environments for People Who Are Blind}},
    year = {2016},
    booktitle = {Universal Access in Human-Computer Interaction. Users and Context Diversity},
    author = {Merabet, Lot B and Jaime, S},
    pages = {595--606},
    volume = {9739},
    isbn = {978-3-319-40237-6},
    doi = {10.1007/978-3-319-40238-3},
    keywords = {Blind, Multimodal interfaces, Navigation, Spatial cognition},
    publisher = {Springer},
    address = {Cham, Switzerland}
}

@inproceedings{Mesquita2017InBlind,
    title = {{In Search of a Multimodal Interfaces Impact Evaluation Model for People Who Are Blind}},
    year = {2017},
    booktitle = {16th Brazilian Symposium on Human Factors in Computing Systems (IHC 2017)},
    author = {Mesquita, Lana and S{\'{a}}nchez, Jaime},
    address = {Joinville, Brazil},
    isbn = {9788576694069},
    keywords = {Effectiveness Evaluation, Impact Evaluation, Multimodal Interfaces, People Who Are Blind.},
    publisher = {\textit{[s.n.]}}
}

@inproceedings{Mesquita2018CognitiveReview,
    title = {{Cognitive Impact Evaluation of Multimodal Interfaces for Blind People: Towards a Systematic Review}},
    year = {2018},
    booktitle = {Human-Computer Interaction International Conference (HCII)},
    author = {Mesquita, Lana and S{\'{a}}nchez, Jaime and Andrade, Rossana M C},
    pages = {4--6},
    isbn = {9780704915480},
    keywords = {cognitive evaluation, impact evaluation, multimodal interfaces},
    publisher = {\textit{[s.n.]}},
    address = {Las Vegas, NV, USA}
}


@phdthesis{Motta2016,
    title = {{ON CONTEXT-AWARE SOFTWARE SYSTEMS AND INTEROPERABILITY: A DISCUSSION GROUNDED IN DATANo Title}},
    year = {2016},
    author = {Motta, Rebeca Campos},
    school = {Universidade Federal do Rio de Janeiro}
}

@article{2014213,
    title = {{A new dynamic tactile display for reconfigurable braille: implementation and tests}},
    year = {2014},
    journal = {Frontiers in Neuroengineering},
    author = {Motto, R and Dante, V and Mesin, L and Petetti, E and Del, G and Pasero, E},
    volume = {7},
    address = {Torino, Italy}
}

@article{Neto2008,
    title = {{Abordagem para o desenvolvimento e avalia{\c{c}}{\~{a}}o de interfaces multimodais Web pautada em princ{\'{i}}pios de usabilidade}},
    year = {2008},
    author = {Neto, Americo Talarico and Bittar, Thiago Jabur and Pontin, Renata and Fortes, De Mattos and Postal, Caixa and Carlos, São},
    isbn = {9788576692034}
}

@book{Norman1986a,
    title = {{Cognitive Engineering}},
    year = {1986},
    booktitle = {User-centered system design},
    author = {Norman, Donald a},
    pages = {31--61},
    isbn = {0898597811},
    issn = {0926-9630},
    pmid = {15460673},
    publisher = {MIT Press},
    address = {Cambridge, MA, USA}
}

@misc{Norman1986,
    title = {{User centered system design: new perspectives on human-computer interaction}},
    year = {1986},
    author = {Norman, Donald A. and Draper, Stephen W.},
    pages = {526},
    isbn = {0898597811 (pbk.)},
    pmid = {2860796}
}

@inproceedings{Ohuchi2006,
    title = {{Cognitive-map formation of blind persons in a virtual sound environment}},
    year = {2006},
    booktitle = {12th International Conference on Auditory Display},
    author = {Ohuchi, Makoto and Iwaya, Yukio and Munekata, Tetsuya},
    number = {July 2002},
    pages = {1--7},
    address = {London, UK},
    publisher = {\textit{[s.n.]}}
}

@incollection{Ossmann2006,
    title = {Guidelines for the Development of Accessible Computer Games},
    booktitle = {International Conference on Computers for Handicapped Persons (ICCHP 2006)},
    year = {2006},
    author = {Ossmann, Roland and Miesenberger, Klaus},
    pages = {403--406},
    publisher = {Springer},
    doi = {10.1007/11788713{\_}60},
    address = {Berlin, Germany}
}

@book{Oviatt2003,
    title = {{Multimodal interfaces}},
    year = {2003},
    booktitle = {The Human-Computer Interaction Handbook: Captology},
    author = {Oviatt, S},
    pages = {286--304},
    isbn = {0805838384},
    doi = {10.5860/CHOICE.47-1469},
    issn = {00094978},
    address = {Hillsdale, NJ, USA},
    publisher = {ACM Digital Library}
}

@article{Paladugu2015,
    title = {{Towards building an automated system for describing indoor floor maps for individuals with visual impairment}},
    year = {2015},
    journal = {Cyber-Physical Systems},
    author = {Paladugu, Devi Archana and Tian, Qiongjie and Maguluri, Hima Bindu and Li, Baoxin},
    number = {2-4},
    pages = {132--159},
    volume = {1},
    doi = {10.1080/23335777.2016.1141801},
    issn = {2333-5777},
    keywords = {assistive technology, navigation, performance evaluation, user interface, visual impairment}
}

@article{Petersen2008,
    title = {{Systematic Mapping Studies in Software Engineering}},
    year = {2008},
    journal = {12th International Conference on Evaluation and Assessment in Software},
    author = {Petersen, Kai and Feldt, Robert and Mujtaba, Shahid and Mattsson, Michael},
    pages = {1--10},
    keywords = {evidence based software engineering, systematic mapping studies, systematic reviews}
}

@incollection{Pissaloux2018a,
    title = {{Model of Cognitive Mobility for Visually Impaired and its Experimental Validation}},
    year = {2017},
    booktitle = {Mobility of Visually Impaired People},
    author = {Pissaloux, Edwige and Vel{\'{a}}zquez, Ramiro},
    pages = {311--352},
    publisher = {Springer International Publishing},
    address = {Cham},
    doi = {10.1007/978-3-319-54446-5{\_}11}
}

@article{Pissaloux2017TowardsDevices,
    title = {{Towards a Cognitive Model of Human Mobility: An Investigation of Tactile Perception for use in Mobility Devices}},
    year = {2017},
    author = {Pissaloux, E and Velazquez, R and Hersh, M and Uzan, G},
    pages = {1--17},
    isbn = {0373463316},
    doi = {10.1017/S0373463316000461}
}

@inproceedings{Reads2009,
    title = {{Improving blind learners outdoor orientation and mobility through ambientgps}},
    year = {2009},
    booktitle = {Annual Meeting of the American Educational Research Association},
    author = {Reads, Citations},
    number = {January},
    pages = {1--6},
    address = {San Diego, CA, USA},
    publisher = {\textit{[s.n.]}}
}

@article{Ritter2014,
    title = {{Foundations for Designing User-Centered Systems}},
    year = {2014},
    author = {Ritter, Frank E. and Baxter, Gordon D. and Churchill, Elizabeth F.},
    isbn = {978-1-4471-5133-3},
    doi = {10.1007/978-1-4471-5134-0},
    issn = {15736059},
    pmid = {20859797},
    arxivId = {arXiv:1011.1669v3}
}

@inproceedings{AudioGene,
    title = {{AudioGene: Mobile Learning Genetics through Audio by Blind Learners}},
    year = {2008},
    booktitle = {Learning to Live in the Knowledge Society},
    author = {S{\'{a}}nchez, Jaime and Aguayo, Fernando},
    pages = {79--86},
    publisher = {Springer US},
    address = {Boston, MA},
    doi = {10.1007/978-0-387-09729-9{\_}10},
    keywords = {Blind User, Mobile Device, School Integration, Science Learning, Visual Disability}
}

@incollection{Sanchez2004,
    title = {{Blind to Sighted Children Interaction Through Collaborative Environments}},
    year = {2004},
    booktitle = {CRIWG 2004: Groupware: Design, Implementation, and Use},
    author = {S{\'{a}}nchez, Jaime and Baloian, Nelson and Hassler, Tiago},
    pages = {192--205},
    publisher = {Spring},
    isbn = {978-3-540-30112-7},
    doi = {10.1007/978-3-540-30112-7{\_}16},
    address ={Berlin, Germany}
}

@inproceedings{Sanchez2013,
    title = {{Audio Transportation System for Blind People}},
    year = {2013},
    booktitle = {Universal Access in Human-Computer Interaction. Applications and Services for Quality of Life},
    author = {S{\'{a}}nchez, Jaime and Campos, Márcia De Borba},
    editor = {Heidelberg, Springer Berlin},
    number = {July},
    pages = {661--670},
    volume = {8011},
    publisher = {Stephanidis, Constantine and Antona, Margherita},
    address = {Berlin, Heidelberg},
    isbn = {978-3-642-39193-4},
    doi = {10.1007/978-3-642-39194-1}
}

@inproceedings{Sanchez2014a,
    title = {{Audio haptic videogaming for developing wayfinding skills in learners who are blind}},
    year = {2014},
    booktitle = {IUI / International Conference on Intelligent User Interfaces. International Conference on Intelligent User Interfaces},
    author = {S{\'{a}}nchez, Jaime and De Borba Campos, Marcia and Espinoza, Matías and Merabet, Lotfi B. and Campos, M de Borba and {\ldots}, M Espinoza},
    pages = {199--207},
    isbn = {9781450321846},
    doi = {10.1145/2557500.2557519},
    keywords = {Design, H.5.m. Information interfaces and presentation (e., HCI), Haptic and Audio Interfaces, Human Factors, Measurement, Miscellaneous, Mobility, Navigation, Orientation, People Who Are Blind},
    publisher = {US National Library of Medicine},
    address = {Bethesda, Maryland, U.S.}
}


@article{Sanchez2013a,
    title = {{Development of navigation skills through audio haptic videogaming in learners who are blind}},
    year = {2013},
    journal = {Journal of Universal Computer Science},
    author = {S{\'{a}}nchez, Jaime and de Borba Campos, Marcia},
    number = {18},
    pages = {2677--2697},
    volume = {19},
    isbn = {9781450309196},
    doi = {10.1016/j.procs.2012.10.012},
    issn = {0948695X},
    pmid = {25485312},
    keywords = {Haptic and audio interfaces, Mobility, Orientation, People who are blind}
}


@article{Sanchez2015,
    title = {{Multimodal Interfaces for Improving the Intellect of the Blind}},
    year = {2015},
    journal = {XX Congreso de Inform{\'{a}}tica Educativa - TISE},
    author = {S{\'{a}}nchez, Jaime and Darin, Tician and Andrade, Rossana and Viana, Windson and Gensel, Jérôme and Dar{\'{i}}n, T and {\ldots}, J Gensel - TISE-XX Conferência and 2015, Undefined},
    pages = {404--413},
    volume = {Vol. 1},
    isbn = {9781450337397},
    keywords = {orientation and mobility, serious games, users who are blind}
}

@article{Sanchez2007science,
    title = {{Science Learning by Blind Children through Audio-Based Interactive Software}},
    year = {2007},
    journal = {Annual Review of CyberTherapy and Telemedicine},
    author = {S{\'{a}}nchez, Jaime and El{\'{i}}as, Miguel},
    pages = {184--190},
    volume = {5},
    keywords = {blind children, cognitive evaluation, interactive software, science learning, virtual envi-}
}

@inproceedings{Sanchez2009a,
    title = {{Science Learning in Blind Children through Audio-Based Games}},
    year = {2008},
    journal = {Engineering the User Interface},
    author = {S{\'{a}}nchez, Jaime and El{\'{i}}as, Miguel},
    pages = {1--16},
    publisher = {Springer},
    address = {London},
    isbn = {9781848001350},
    doi = {10.1007/978-1-84800-136-7{\_}7},
    keywords = {Educational Software, Science Learn, Special Education Teacher, Virtual Environment, Virtual World}
}

@inproceedings{201353,
    title = {{Enhancing Orientation and Mobility Skills in Learners who are Blind through Video gaming}},
    year = {2013},
    booktitle = {Conference. Creativity {\&} Cognition Conference},
    author = {S{\'{a}}nchez, J and Espinoza, M and {\ldots}, M de Borba Campos},
    pages = {353--356},
    address = {Department of Computer Science and Center for Advanced Research in Education (CARE), University Of Chile Santiago, Chile},
    doi = {10.1145/2466627.2466673},
    keywords = {Haptic and Audio Interfaces, Mobility, Orientation, People Who Are Blind},
    publisher = {\textit{[s.n.]}}
}

@inproceedings{SanchezVideogaming,
    title = {{Videogaming for wayfinding skills in children who are blind}},
    year = {2012},
    booktitle = {International Conference on Disability, Virtual Reality and Associated Technologies - ICDVRAT},
    author = {S{\'{a}}nchez, J and Espinoza, M and Disability, J Garrido - Proc. 9th Intl Conf. on and 2012, Undefined and on Disability, J Garrido - Proc. 9th Intl Conf. and 2012, Undefined},
    address = {Laval, Franc},
    publisher = {\textit{[s.n]}}
}

@inproceedings{ISI:000304018900033,
    title = {{Audio Haptic Videogaming for Navigation Skills in Learners Who are Blind}},
    year = {2011},
    booktitle = {PROCEEDINGS OF THE 13TH INTERNATIONAL ACM SIGACCESS CONFERENCE ON COMPUTERS AND ACCESSIBILITY},
    author = {S{\'{a}}nchez, Jaime and Espinoza, Matías Matias and Sanchez, Jaime and Espinoza, Matías Matias},
    pages = {227--228},
    publisher = {ASSOC COMPUTING MACHINERY},
    organization = {SIG ACCESS},
    address = {1515 BROADWAY, NEW YORK, NY 10036-9998 USA},
    isbn = {978-1-4503-0919-6},
    doi = {10.1145/2049536.2049580},
    keywords = {Haptic and Audio Interfaces, Human Factors, Orient}
}

@inproceedings{Sanchez2008,
    title = {{Mobile science learning for the blind}},
    year = {2008},
    booktitle = {Extended Abstracts on Human Factors in Computing Systems},
    author = {S{\'{a}}nchez, Jaime and Flores, Héctor and S{\'{a}}enz, Mauricio},
    pages = {3201--3206},
    publisher = {ACM Press},
    address = {Florence, Italy},
    doi = {10.1145/1358628.1358831},
    keywords = {Blind learners, mobile learning, science leaning, usability, virtual acoustic environments}
}


@inproceedings{Sanchez2005c,
    title = {{AudioMath: Blind children learning mathematics through audio}},
    year = {2005},
    booktitle = {Proceedings of ICDVRAT 2004},
    author = {S{\'{a}}nchez, Jaime and Flores, Hector and S{\'{a}}nchez, Jaime},
    number = {4},
    month = {10},
    pages = {311--316},
    volume = {4},
    doi = {10.1515/IJDHD.2005.4.4.311},
    issn = {21910367},
    keywords = {audio-based interactive interface, blind child, computer application, diverse study, interactive virtual environment, powerful interface, short-term memory, virtual environment, visual disability},
    address = {Oxford, UK},
    publisher = {\textit{[s.n.]}}
}

@incollection{Sancheza,
    title = {{AudioStoryTeller: Enforcing Blind Children Reading Skills}},
    year = {2007},
    booktitle = {Universal Access in Human-Computer Interaction. Applications and Services},
    author = {S{\'{a}}nchez, Jaime and Gal{\'{a}}z, Iván},
    editor = {Stephanidis, Constantine},
    pages = {786--795},
    publisher = {Springer Berlin Heidelberg},
    address = {Berlin, Heidelberg},
    isbn = {978-3-540-73283-9},
    doi = {10.1007/978-3-540-73283-9{\_}85},
    keywords = {Audio, Learners with visual disabilities, PDA, Text-To-Speech, blind children, pocketPC, reading skills}
}

@article{Sanchez2007a,
    title = {{AudioMUD: a multiuser virtual environment for blind people}},
    year = {2007},
    journal = {IEEE transactions on neural systems and rehabilitation engineering: a publication of the IEEE Engineering in Medicine and Biology Society},
    author = {S{\'{a}}nchez, Jaime and Hassler, Tiago},
    number = {1},
    pages = {16--22},
    volume = {15},
    isbn = {1424402808},
    doi = {10.1109/TNSRE.2007.891404},
    issn = {1534-4320},
    pmid = {17436871},
    keywords = {Adolescent, Adult, Blindness, Blindness: rehabilitation, Communication Aids for Disabled, Computer-Assisted Instruction, Computer-Assisted Instruction: methods, Cooperative Behavior, Female, Humans, Information Dissemination, Information Dissemination: methods, Information Storage and Retrieval, Information Storage and Retrieval: methods, Internet, Male, Natural Language Processing, Telemedicine, Telemedicine: methods, User-Computer Interface}
}

@inproceedings{Sanchez2000,
    title = {{Usability and cognitive impact of the interaction with 3D virtual interactive acoustic environments by blind children}},
    year = {2000},
    booktitle = {International Conference on Disability, Virtual Reality and Associated Technologies - ICDVRAT},
    author = {S{\'{a}}nchez, Jaime and Lumbreras, Maruricio},
    number = {January 2002},
    pages = {67--73},
    address = {Alghero, Ital},
    doi = {10.1.1.99.4424},
    publisher = {\textit{[s.n.]}}
}


@incollection{Sanchez2011,
    title = {{Audiopolis, Navigation through a Virtual City Using Audio and Haptic Interfaces for People Who Are Blind}},
    year = {2011},
    booktitle = {Universal Access in Human-Computer Interaction. Users Diversity},
    author = {S{\'{a}}nchez, Jaime and Mascar{\'{o}}, Javiera},
    editor = {Stephanidis, Constantine},
    pages = {362--371},
    publisher = {Springer Berlin Heidelberg},
    address = {Berlin, Heidelberg},
    isbn = {978-3-642-21663-3},
    doi = {10.1007/978-3-642-21663-3{\_}39},
    keywords = {Haptic and Audio Perception, Navigation, Orientation and Mobility, Usability Evaluation}
}

@article{Sanchezb,
    title = {{Subway Mobility Assistance Tools for Blind Users}},
    year = {2007},
    journal = {Universal Access in Ambient Intelligence Environments},
    author = {S{\'{a}}nchez, Jaime and Maureira, Eduardo},
    number = {3},
    pages = {386--404},
    volume = {44},
    publisher = {Springer Berlin Heidelberg},
    address = {Berlin, Heidelberg},
    isbn = {978-3-540-71024-0},
    doi = {10.1007/978-3-540-71025-7{\_}25}
}

@inproceedings{Sanchez2011a,
    title = {{Mobile audio assistance in bus transportation for the blind}},
    year = {2011},
    booktitle = {International Journal on Disability and Human Development},
    author = {S{\'{a}}nchez, Jaime and Oyarz{\'{u}}n, Claudio},
    number = {4},
    month = {11},
    pages = {365--371},
    volume = {10},
    doi = {10.1515/IJDHD.2011.053},
    issn = {21910367},
    address = {Santiago, Chile},
    publisher = {De Gruyter}
}

@article{Sanchez2014,
    title = {{Enhancing Navigation Skills through Audio Gaming}},
    year = {2014},
    journal = {Extended abstracts on Human factors in computing systems CHI Conference},
    author = {S{\'{a}}nchez, Jaime and S{\'{a}}enz, Mauricio},
    pages = {3991–3996},
    doi = {10.1145/1753846.1754091.Enhancing},
    keywords = {2, 4, acm classification keywords, assistive technologies for, audio games, computers and society, computing milieux, k, orientation and mobility, social issues, videogames, virtual environment, visual impairment}
}

@article{Sanchez2010b,
    title = {{Usability of a Multimodal Video Game to Improve Navigation Skills for Blind Children}},
    year = {2010},
    journal = {ACM Transactions on Accessible Computing},
    author = {S{\'{a}}nchez, Jaime and Saenz, Mauricio and Garrido, Jose Miguel and S{\'{a}}enz, M and Accessible, JM Garrido - ACM Transactions on and 2010, Undefined},
    number = {2},
    pages = {1--29},
    volume = {3},
    isbn = {9781605585581},
    doi = {10.1145/1857920.1857924},
    issn = {19367228},
    keywords = {Blind children, haptic and audio interfaces, navigation, virtual environments}
}


@inproceedings{Sanchez2005,
    title = {{3D sound interactive environments for blind children problem solving skills}},
    year = {2005},
    booktitle = {Proceedings of the 7th international ACM SIGACCESS conference on Computers and accessibility - Assets '05},
    author = {S{\'{a}}nchez, Jaime and S{\'{a}}enz, Mauricio and Technology, M Sáenz - Behaviour & Information and 2006, Undefined},
    pages = {173--179},
    publisher = {ACM Press},
    address = {Baltimore, MD, USA},
    isbn = {1595931597},
    doi = {10.1145/1090785.1090817},
    issn = {00221341 (ISSN)},
    keywords = {3D sound, Hyperstories, problem solving, role-playing game, virtual world}
}

@article{Sanchez2005b,
    title = {{AudioBattleShip: Blind learners cognition through sound}},
    year = {2005},
    journal = {International Journal on Disability and Human Development},
    author = {Sanchez, Jaime and Sanchez, Jaime},
    number = {4},
    pages = {303--310},
    volume = {4},
    isbn = {1-58113-637-4},
    doi = {10.1515/IJDHD.2005.4.4.303},
    issn = {21910367},
    keywords = {Blindness, Chile, children, cognitive development}
}

@inproceedings{Sanchez2010autonomous,
    title = {{Autonomous navigation through the city for the blind}},
    year = {2010},
    booktitle = {Proceedings of the 12th international ACM SIGACCESS conference on Computers and accessibility - ASSETS '10},
    author = {S{\'{a}}nchez, Jaime and de la Torre, Natalia},
    pages = {195--202},
    publisher = {Association for Computing Machinery},
    address = {Orlando, Florida, USA},
    isbn = {9781605588810},
    doi = {10.1145/1878803.1878838}
}

@techreport{Sanchez2006AssistingDisabilities,
    title = {{Assisting the mobilization through subway networks by users with visual disabilities}},
    year = {2006},
    booktitle = {Virtual Reality {\&} Assoc. Tech},
    author = {S{\'{a}}nchez, J H and S{\'{a}}enz, M A},
    isbn = {0704998653}
}

@article{Sanchez2014Multimodal,
    title = {{Multimodal Gaming for Navigation Skills in Players Who Are Blind}},
    year = {2014},
    journal = {Proceedings of the 13th Brazilian Symposium on Human Factors in Computing Systems},
    author = {S{\'{a}}nchez, Jaime; Campos, Marcia; Espinoza, Matias},
    number = {October 2014},
    pages = {169--179},
    publisher = {ACM Press},
    address = {Foz do Igua{\c{c}}u, Brazil},
    keywords = {Videogames, audio, haptics, multimodal interfaces, visually impaired}
}

@article{Santos2017a,
    title = {{Test case design for context-aware applications: Are we there yet?}},
    year = {2017},
    journal = {Information and Software Technology},
    author = {Santos, Ismayle de Sousa and Andrade, Rossana Maria de Castro and Rocha, Lincoln Souza and Matalonga, Santiago and de Oliveira, Káthia Marçal and Travassos, Guilherme Horta},
    pages = {1--16},
    volume = {88},
    publisher = {Elsevier B.V.},
    doi = {10.1016/j.infsof.2017.03.008},
    issn = {09505849},
    keywords = {Context aware application, Software testing, Systematic review}
}

@inproceedings{Schloerb2015,
    title = {{BlindAid: Virtual Environment System For Self-Reliant Trip Planning And Orientation And Mobility Training}},
    year = {2015},
    booktitle = {2010 IEEE Haptics Symposium, HAPTICS 2010},
    author = {Schloerb, David W. and Lahav, Orly and Desloge, Joseph G. and Srinivasan, Mandayam A.},
    publisher = {IEEE},
    address = {Waltham, MA, USA},
    isbn = {978-1-4244-6820-1},
    doi = {10.1109/HAPTIC.2010.5444631}
}

@inproceedings{Shafiq2014,
    title = {{Skill Specific Spoken Dialogues Based Personalized ATM Design to Maximize Effective Interaction for Visually Impaired Persona}},
    year = {2014},
    booktitle = {International Conference of Design, User Experience, and Usability},
    author = {Shafiq, Muhammad and Choi, Jin-Ghoo and Iqbal, Muddesar and Faheem, Muhammad and Ahmad, Maqbool and Ashraf, Imran and Irshad, Azeem},
    pages = {446--457},
    publisher = {Springer Switzerland},
    address = {Springer, Cham},
    doi = {10.1007/978-3-319-07638-6{\_}43},
    keywords = {3s ATM., HCI, Usability, heuristics index, task evaluation}
}

@misc{Shepperd2012,
    title = {{Combining Evidence and Meta-analysis in Software Engineering}},
    year = {2012},
    author = {Shepperd, Martin}
}

@article{proprioception,
    title = {{The muscular sense}},
    year = {1906},
    journal = {Textbook of Physiology},
    author = {SHERRINGTON, C S},
    pages = {1002--1025},
    volume = {2},
    publisher = {Pentland},
}

@book{Shull2008GuideEngineering,
    title = {{Guide to Advanced Empirical Software Engineering}},
    year = {2008},
    author = {Shull, Forrest and Singer, Janice and Sj{\o}berg, Dag I.K.},
    isbn = {9781848000438},
    publisher = {Springer-Verlag London},
    address = {London},
}

@article{Sternberg2011,
    title = {{Cognitive Psychology}},
    year = {2011},
    journal = {Science},
    author = {Sternberg, J. Robert and Sternberg, Karin},
    pages = {609},
    isbn = {978-0-470-00232-2},
    doi = {10.1126/science.198.4319.816},
    issn = {0036-8075},
    pmid = {21401290},
    arxivId = {2010935207}
}


@article{Stojmenovic2014,
    title = {{Wayfinding without visual cues: evaluation of an interactive audio map system}},
    year = {2014},
    journal = {Interacting with Computers},
    author = {Stojmenovic, M.a and Lindgaard, G.b},
    number = {5},
    pages = {403--416},
    volume = {26},
    keywords = {Teamwork, communication, management decision support system.}
}


@inproceedings{Su2010,
    title = {{Timbremap: Enabling the Visually-Impaired to Use Maps on Touch-Enabled Devices}},
    year = {2010},
    booktitle = {Proceedings of the 12th international conference on Human computer interaction with mobile devices and services - MobileHCI '10},
    author = {Su, Jing and Rosenzweig, Alyssa and Goel, Ashvin and de Lara, Eyal and Truong, Khai N.},
    pages = {17--26},
    publisher = {ACM Press},
    address = {Lisbon, Portugal},
    isbn = {978-1-60558-835-3},
    doi = {10.1145/1851600.1851606},
    keywords = {assistive, sonification, touch device, user interface}
}

@article{Tober2011,
    title = {{PubMed, ScienceDirect, Scopus or Google Scholar – Which is the best search engine for an effective literature research in laser medicine?}},
    year = {2011},
    journal = {Medical Laser Application},
    author = {Tober, Markus},
    number = {3},
    month = {8},
    pages = {139--144},
    volume = {26},
    publisher = {Urban {\&} Fischer},
    doi = {10.1016/J.MLA.2011.05.006},
    issn = {1615-1615}
}

@article{Turk2013,
    title = {{Multimodal interaction: A review}},
    year = {2013},
    journal = {PATTERN RECOGNITION LETTERS},
    author = {Turk, Matthew},
    publisher = {Elsevier B.V.},
    doi = {10.1016/j.patrec.2013.07.003},
    issn = {0167-8655},
    keywords = {multimodal integration, multimodal interaction, perceptual interface}
}

@incollection{Villane2009,
    title = {{3D Virtual Environments for the Rehabilitation of the Blind}},
    year = {2009},
    booktitle = {Universal Access in Human-Computer Interaction. Applications and Services},
    author = {Villane, Julio and S{\'{a}}nchez, Jaime},
    editor = {Stephanidis, Constantine},
    pages = {246--255},
    publisher = {Springer Berlin Heidelberg},
    address = {Berlin, Heidelberg},
    isbn = {978-3-642-02713-0},
    doi = {10.1007/978-3-642-02713-0{\_}26},
    keywords = {Cardinal Point, Mobility Learning, Unfamiliar Environment, Virtual Environment, Virtual Reality}
}


@book{Vinson2008AHumans,
    title = {{A Practical Guide to Ethical Research Involving Humans}},
    year = {2008},
    author = {Vinson, Norman G. and Singer, Janice},
    pages = {229--256},
    isbn = {9781848000438},
    address = {London, UK},
    publisher = {Springer}
}


@article{Weber1998,
    title = {{Credentialing in assistive technology}},
    year = {1998},
    journal = {Technology and Disability},
    author = {Weber, Anjali},
    pages = {59--63},
    volume = {9},
    doi = {https://doi. org/10.3233/TAD-1998-91-206},
    keywords = {assistive technology providers, assistive technology suppliers, certification, credentialing, resna}
}

@article{Welch2016,
    title = {{Extending the PRISMA statement to equity-focused systematic reviews (PRISMA-E 2012): explanation and elaboration}},
    year = {2016},
    journal = {Journal of Development Effectiveness},
    author = {Welch, Vivian and Petticrew, Mark and Petkovic, Jennifer and Moher, David and Waters, Elizabeth and White, Howard and Tugwell, Peter},
    number = {2},
    pages = {287--324},
    volume = {8},
    isbn = {6135696734},
    doi = {10.1080/19439342.2015.1113196},
    issn = {19439407},
    pmid = {26450828},
    keywords = {health equity, reporting guidelines, research methodology, systematic reviews}
}

@misc{WHO2018Blindness,
    title = {{Blindness and vision impairment}},
    year = {2018},
    author = {{WHO}},
    url = {http://www.who.int/en/news-room/fact-sheets/detail/blindness-and-visual-impairment},
    urlaccessdate = {20 dez. 2018},
}

@misc{WHO2018ICD,
    title = {{ICD-11 Visual impairment}},
    year = {2018},
    author = {{WHO}},
    url = {https://icd.who.int/browse11/l-m/en},
    urlaccessdate = {20 dez. 2018},
}

@book{wickens2015engineering,
    title = {{Engineering psychology {\&} human performance}},
    year = {2015},
    author = {Wickens, Christopher D and Hollands, Justin G and Banbury, Simon and Parasuraman, Raja},
    publisher = {Psychology Press},
    address = {London, UK}
}

@book{Wiener2010,
    title = {{Foundations of orientation and mobility}},
    year = {2010},
    author = {Wiener, William R. and Welsh, Richard L. and Blasch, Bruce B.},
    publisher = {AFB Press},
    isbn = {9780891284482},
    address = {Virginia, USA}
}


@article{Wohlin2014,
    title = {{Guidelines for snowballing in systematic literature studies and a replication in software engineering}},
    year = {2014},
    journal = {Proceedings of the 18th International Conference on Evaluation and Assessment in Software Engineering - EASE '14},
    author = {Wohlin, Claes},
    pages = {1--10},
    isbn = {9781450324762},
    doi = {10.1145/2601248.2601268},
    issn = {09505849},
    pmid = {25246403},
    arxivId = {arXiv:1011.1669v3},
    keywords = {replication, snowball search, snowballing, systematic, systematic literature review}
}

@book{Wohlin2000,
    title = {{Experimentation in Software Engineering}},
    year = {2000},
    author = {Wohlin, Claes and Runeson, Per and H{\"{o}}st, Martin and Ohlsson, Magnus C. and Regnell, Björn and Wessl{\'{e}}n, Anders and Anders, Wesslén},
    publisher = {Kluwer Academic Publishers},
    address = {Norwell, MA, USA},
    isbn = {9783642290435},
    doi = {10.1007/978-3-642-29044-2},
}

@article{Wuetherick2010,
    title = {{Basics of Qualitative Research: Techniques and Procedures for Developing Grounded Theory}},
    year = {2010},
    journal = {Canadian Journal of University Continuing Education},
    address = {Canada},
    author = {Wuetherick, Brad},
    number = {2},
    volume = {36},
    isbn = {9781412906449},
    doi = {10.21225/D5G01T},
    issn = {0318-9090},
    pmid = {11486343},
    arxivId = {arXiv:1011.1669v3}
}

@article{Corbin1998,
    title = {{Basics of qualitative research: techniques and procedures for developing grounded theory}},
    year = {1998},
    journal = {Sage Publications},
    author = {Corbin, Juliet M and Strauss, Anselm},
    pages = {379},
    issn = {978-1-4129-0643-2 978-1-4129-0644-9}
}

@inproceedings{Sanchez2006,
    title = {{Assisting the mobilization through subway networks by users with visual disabilities}},
    year = {2006},
    booktitle = {Proc. 6th Intl Conf. Disability, Virtual Reality {\&} Assoc. Tech.},
    author = {S{\'{a}}nchez, J H and S{\'{a}}enz, M A},
    pages = {183--190},
    publisher = {University of Reading},
    address = {Esbjerg, Denmark}
}

